00535cas a22002171a 4500
001 9917737413502836
003 Nz
005 20161223172951.0
008 031222d18631867nz  r ne      0   0 eng d
035    $a (OCoLC)420953077
035    $a (Nz)8138421
035    $a (NLNZils)1773741-ilsdb
040    $a WN $c WN
042    $a nznb
043    $a u-nz---
245 00 $a Dunedin leader.
260    $a Dunedin [N.Z.]
310    $a Weekly
362 0  $a 1863 Oct.17-1867?
651  0 $a Dunedin (N.Z.) $v Newspapers.
655  7 $a New Zealand newspapers. $2 local $5 Nz
